<record><leader>00000cas a2200000 a 4500</leader><controlfield tag="001">10702359</controlfield><controlfield tag="008">840508d19381939vauwr ne      0   a0eng c</controlfield><datafield ind1=" " ind2=" " tag="010"><subfield code="a">sn 84025920 </subfield></datafield><datafield ind1=" " ind2=" " tag="040"><subfield code="a">NPV</subfield><subfield code="b">eng</subfield><subfield code="c">NPV</subfield><subfield code="d">NVK</subfield><subfield code="d">NVF</subfield><subfield code="d">DLC</subfield><subfield code="d">NVK</subfield><subfield code="d">CVF</subfield><subfield code="d">OCL</subfield><subfield code="d">DLC</subfield><subfield code="d">OCLCQ</subfield><subfield code="d">OCLCF</subfield><subfield code="d">OCLCO</subfield></datafield><datafield ind1="1" ind2=" " tag="029"><subfield code="a">AU@</subfield><subfield code="b">000020436452</subfield></datafield><datafield ind1=" " ind2=" " tag="042"><subfield code="a">pcc</subfield></datafield><datafield ind1=" " ind2=" " tag="043"><subfield code="a">n-us-va</subfield></datafield><datafield ind1="0" ind2="4" tag="245"><subfield code="a">The Afro-American and the Richmond planet.</subfield></datafield><datafield ind1="3" ind2=" " tag="246"><subfield code="a">Afro American and Richmond planet</subfield></datafield><datafield ind1="3" ind2="0" tag="246"><subfield code="a">Richmond planet</subfield></datafield><datafield ind1="1" ind2="7" tag="246"><subfield code="a">Afro-American</subfield></datafield><datafield ind1=" " ind2=" " tag="260"><subfield code="a">Richmond, Va. :</subfield><subfield code="b">Afro-American Co.,</subfield><subfield code="c">1938-1939.</subfield></datafield><datafield ind1=" " ind2=" " tag="300"><subfield code="a">v.</subfield></datafield><datafield ind1=" " ind2=" " tag="310"><subfield code="a">Weekly</subfield></datafield><datafield ind1="0" ind2=" " tag="362"><subfield code="a">46th year, no. 43 (June 4, 1938)-47th year, no. 40 (May 6, 1939).</subfield></datafield><datafield ind1=" " ind2=" " tag="530"><subfield code="a">Microfilm available from Recordak.</subfield></datafield><datafield ind1=" " ind2="0" tag="650"><subfield code="a">African Americans</subfield><subfield code="z">Virginia</subfield><subfield code="v">Newspapers.</subfield></datafield><datafield ind1=" " ind2="0" tag="650"><subfield code="a">African American newspapers</subfield><subfield code="z">Virginia.</subfield></datafield><datafield ind1=" " ind2="0" tag="651"><subfield code="a">Richmond (Va.)</subfield><subfield code="v">Newspapers.</subfield></datafield><datafield ind1=" " ind2="7" tag="655"><subfield code="a">Newspapers.</subfield><subfield code="2">fast</subfield><subfield code="0">(OCoLC)fst01423814</subfield></datafield><datafield ind1=" " ind2="7" tag="650"><subfield code="a">African American newspapers.</subfield><subfield code="2">fast</subfield><subfield code="0">(OCoLC)fst00799278</subfield></datafield><datafield ind1=" " ind2="7" tag="650"><subfield code="a">African Americans.</subfield><subfield code="2">fast</subfield><subfield code="0">(OCoLC)fst00799558</subfield></datafield><datafield ind1=" " ind2="7" tag="651"><subfield code="a">Virginia.</subfield><subfield code="2">fast</subfield><subfield code="0">(OCoLC)fst01204597</subfield></datafield><datafield ind1=" " ind2="7" tag="651"><subfield code="a">Virginia</subfield><subfield code="z">Richmond.</subfield><subfield code="2">fast</subfield><subfield code="0">(OCoLC)fst01205345</subfield></datafield><datafield ind1=" " ind2=" " tag="752"><subfield code="a">United States</subfield><subfield code="b">Virginia</subfield><subfield code="d">Richmond.</subfield></datafield><datafield ind1="0" ind2=" " tag="775"><subfield code="t">Afro-American (Baltimore, Md. : 1915)</subfield><subfield code="w">(DLC)sn 83045829</subfield></datafield><datafield ind1="0" ind2=" " tag="775"><subfield code="t">Philadelphia Afro-American</subfield><subfield code="w">(DLC)sn 83045818</subfield></datafield><datafield ind1="0" ind2=" " tag="775"><subfield code="t">Washington Afro American (Washington, D.C.)</subfield><subfield code="w">(DLC)sn 87062261</subfield></datafield><datafield ind1="0" ind2=" " tag="775"><subfield code="t">Washington Afro-American (Washington, D.C. : Red Star ed.)</subfield><subfield code="w">(DLC)sn 84025928</subfield></datafield><datafield ind1="0" ind2="0" tag="780"><subfield code="t">Richmond planet</subfield><subfield code="x">2151-4011</subfield><subfield code="w">(DLC)sn 84025841</subfield><subfield code="w">(OCoLC)10412790</subfield></datafield><datafield ind1="0" ind2="0" tag="785"><subfield code="t">Richmond Afro-American and Richmond planet (Richmond, Va. : 1939)</subfield><subfield code="w">(DLC)sn 84025921</subfield></datafield></record>